@article{key1,
  author       = "",
  title        = "",
  shorttitle   = "",
  date         = "",
  number       = 12,
  pages        = "",
  doi          = "",
  journal      = "",
  url          = "",
}

@inproceedings{key2,
  author       = "",
  title        = "",
  booktitle    = "",
  publisher    = "",
  date         = "",
  doi          = "",
  isbn         = "",
  url          = "",
}
% ISBN-13: xxx-xxxxxxxxxx
% ISBN-10: xxxxxxxxxx

@online{key3,
  author       = "",
  title        = "",
  organization = "",
  date         = "",
  url          = "",
  urldate      = "",
}

@book{key4,
  author       = "",
  title        = "",
  publisher    = "",
  address      = "",
  isbn         = "",
  date         = 1990,
  volume       = 126,
  pages        = 67,
}
% ISBN-13: xxx-xxxxxxxxxx
% ISBN-10: xxxxxxxxxx

@mastersthesis{key5,
  author       = "",
  title        = "",
  date         = "",
  url          = "",
  school       = "",
  pagetotal    = 131,
}

@incollection{horak_2021_responsive_vis,
  author       = "",
  title        = "",
  booktitle    = "",
  publisher    = "",
  date         = 2021,
  pages        = "",
  doi          = "",
  editor       = "",
}

