% This is where we'll put our references - see `ref.examples.bib` for examples or
% look at the template. Remove before handing in.

@inproceedings{introduction-webgpu,
  author       = "Kenwright, Benjamin",
  title        = "Introduction to the {WebGPU API}",
  booktitle    = "{ACM SIGGRAPH} 2022 Courses",
  publisher    = "Association for Computing Machinery",
  date         = "2022",
  doi          = "10.1145/3532720.3535625",
  isbn         = "9781450393621",
}
% ISBN-13: 978-1450393621
% ISBN-10: 1-4503-9362-4

@article{web-engagement-literature,
  author       = "Garett Renee and Chiu, Jason and Zhang, Ly and Young, Sean D",
  title        = "A Literature Review: Website Design and User Engagement",
  volume       = 6,
  number       = 3,
  pages        = "1--14",
  url          = "https://www.ncbi.nlm.nih.gov/pmc/articles/PMC4974011/pdf/nihms732828.pdf",
  date         = "2016",
  journal      = "Online Journal of Communication and Media Technologies",
}

@online{khronos-web,
  title        = "Khronos Group - Website",
  organization = "Khronos Group Inc",
  date         = "2022-05-12",
  url          = "https://www.khronos.org/",
  urldate      = "2022-05-12",
}

@online{rust-wgpu,
  title        = "Learn {WebGPU}",
  author       = "Benjamin Hansen",
  date         = "2022-05-12",
  url          = "https://github.com/sotrh/learn-wgpu",
  urldate      = "2022-05-12",
}

@online{github-repo,
  title        = "Survey Repository",
  author       = "Pinheiro de Souza, Thomas and Schintler, Stefan and Steinkellner, Andreas",
  date         = "2022-05-12",
  url          = "https://github.com/steschi/iaweb2022g1-survey",
  urldate      = "2022-05-12",
}


